@article{Milner06,
  author    = {Robin Milner},
  title     = {Pure bigraphs: Structure and dynamics},
  journal   = {I\&C},
  volume    = {204},
  number    = {1},
  pages     = {60--122},
  year      = {2006}
 }

@article{BonchiGK09,
  author    = {Filippo Bonchi and
               Fabio Gadducci and
               Barbara K{\"{o}}nig},
  title     = {Synthesising {CCS} bisimulation using graph rewriting},
  journal   = {I\& C},
  volume    = {207},
  number    = {1},
  pages     = {14--40},
  year      = {2009}
  }

@article{BonchiGM14,
  author    = {Filippo Bonchi and
               Fabio Gadducci and
               Giacoma Valentina Monreale},
  title     = {A general theory of barbs, contexts, and labels},
  journal   = {{ACM} ToCL},
  volume    = {15},
  number    = {4},
  pages     = {35:1--35:27},
  year      = {2014}
}

@article{extendedHiding,
	author    = {Frank S. de Boer and
	Maurizio Gabbrielli and
	Elena Marchiori and
	Catuscia Palamidessi},
	title     = {Proving concurrent constraint programs correct},
	journal   = {ACM ToPLaS},
	volume    = {19},
	number    = {5},
	pages     = {685--725},
	year      = {1997}
}

@article{fun14,
	author    = {Stefano Bistarelli and
	Francesco Santini},
	title     = {A Secure Non-monotonic Soft Concurrent Constraint Language},
	journal   = {Fundam. Inform.},
	volume    = {134},
	number    = {3-4},
	pages     = {261--285},
	year      = {2014}
}


@book{handbook,
	author = {Rossi, Francesca and Beek, Peter van and Walsh, Toby},
	title = {Handbook of Constraint Programming (Foundations of Artificial Intelligence)},
	year = {2006},
	isbn = {0444527265},
	publisher = {Elsevier Science Inc.},
	address = {New York, NY, USA}
} 



@inproceedings{coord,
	author    = {Fabio Gadducci and
	Luis Pino and
	Francesco Santini
	and Frank Valencia},
	title     = {A labelled semantics for soft {CCP}},
	booktitle = {COORDINATION},
	editor = {T. Holvoet and M. Viroli},
	series    = {LNCS},
	volume    = {9037},
	pages     = {133--149},
	year      = {2015}
}

@inproceedings{coordination08,
	author    = {Stefano Bistarelli and
	Maurizio Gabbrielli and
	Maria Chiara Meo and
	Francesco Santini},
	title     = {Timed Soft Concurrent Constraint Programs},
	booktitle = {COORDINATION},
	editor = {Doug Lea and Gianluigi Zavattaro},
	series    = {LNCS},
	volume    = {5052},
	pages     = {50--66},
	year      = {2008}
}




@book{residuated,
	title={Residuated Lattices: An Algebraic Glimpse at Substructural Logics},
	author={Galatos, Nikolaos and Jipsen, Peter and Kowalski, Tomasz and Ono, Hiroakira},
	volume={151},
	year={2007},
	publisher={Elsevier}
}

@inproceedings{probabilistic,
  title={Uncertainty in constraint satisfaction problems: a probabilistic approach},
  editor    = {Michael Clarke and
               Rudolf Kruse and
               Seraf{\'{\i}}n Moral},
  author={Fargier, H{\'e}l{\`e}ne and Lang, J{\'e}r{\^o}me},
  booktitle={ECSQUARU 1993},
  series    = {LNCS},
  volume    = {747},
  pages={97--104},
  year={1993},
  publisher={Springer}
}

@book{general-topology,
 author = {A.V.Arkhangelskii and L.S.Pontryagin},
 title = {General Topology I},
 year = {1990},
 publisher = {Springer}
}

@inproceedings{Asperti98,
  author    = {Andrea Asperti},
  title     = {Light Affine Logic},
  booktitle = {LICS 1998},
  year      = {1998},
  publisher = {IEEE Computer Society Press},
  pages     = {300--308}
}

@article{monk,
  author    = {J.~D. Monk},
  title     = {An introduction to cylindric set algebras},
  journal   = {Logic Journal of IGPL},
  year      = {2000},
  volume    = {8},
  number    = {4},
  pages     = {451--496}
}

@article{LagoM04,
  author    = {Ugo {Dal Lago} and
               Simone Martini},
  title     = {Phase semantics and decidability of elementary affine logic},
  journal   = {Theoretical Computer Science},
  year      = {2004},
  volume    = {318},
  number    = {3},
  pages     = {409--433}
}

@article{sefm12,
	author    = {Stefano Bistarelli and
	Francesco Santini},
	title     = {A Secure Non-monotonic Soft Concurrent Constraint Language},
	journal   = {Fundamamenta Informaticae},
	volume    = {134},
	number    = {3-4},
	pages     = {261--285},
	year      = {2014}
}

@article{fun11,
  author    = {Stefano Bistarelli and
               Francesco Santini},
  title     = {A Nonmonotonic Soft Concurrent Constraint Language to Model
               the Negotiation Process},
  journal   = {Fundamenta Informaticae},
  volume    = {111},
  number    = {3},
  year      = {2011},
  pages     = {257-279},
  ee        = {http://dx.doi.org/10.3233/FI-2011-563},
  bibsource = {DBLP, http://dblp.uni-trier.de}
}

@article{deBoer97,
	author = "Frank S. de~Boer and Maurizio Gabbrielli and Elena Marchiori and Catuscia Palamidessi",
	title = "Proving concurrent constraint programs correct",
	journal = "ACM Transactions on Programming Languages and Systems",
	year = "1997",
	volume = "19",
	number = "5"
}

@article{barbedMontanari,
  title={Dynamic congruence vs. progressing bisimulation for {CCS}},
  author={Montanari, Ugo and Sassone, Vladimiro},
  journal={Fundamenta informaticae},
  volume={16},
  number={2},
  pages={171--199},
  year={1992},
  publisher={IOS Press}
}

@inproceedings{barbed,
 author = {Milner, Robin and Sangiorgi, Davide},
 title = {Barbed Bisimulation},
 booktitle = {ICALP 1992},
 editor    = {Werner Kuich},
 year = {1992},
 pages = {685--695},
 series    = {LNCS},
 volume    = {623},
publisher = {Springer},
} 

@article{CLIM,
  author    = {Georg Karner},
  title     = {Semiring-based constraint satisfaction and optimization},
  journal   = {Semigroup Forum},
  volume    = {45},
  number    = {XX},
  year      = {1992},
  pages     = {148-165}
  }

@book{resbook,
  AUTHOR =       {F. Baccelli and G. Cohen and G.J. Olsder and J-P. Quadrat},
  TITLE =        {Synchronization and Linearity: An Algebra for Discrete Event Systems},
  PUBLISHER =    {Wiley},
  YEAR =         {1992}
 } 

@book{golan,
  AUTHOR =       {J. Golan},
  TITLE =        {Semirings and Affine Equations over Them:
                  Theory and Applications},
  PUBLISHER =    {Kluwer},
  YEAR =         {2003}
 } 
  
@book{handbook,
 author = {F. Rossi and P. van Beek  and T. Walsh},
 title = {Handbook of Constraint Programming},
 series = {Foundations of Artificial Intelligence},
 year = {2006},
 publisher = {Elsevier}
}

@inproceedings{pippo,
  author    = {Andr{\'e}s Aristiz{\'a}bal and
               Filippo Bonchi and
               Catuscia Palamidessi and
               Luis Fernando Pino and
               Frank D. Valencia},
  title     = {Deriving labels and bisimilarity for concurrent constraint
               programming},
  booktitle = {FOSSACS 2011},
  year      = {2011},
  pages     = {138-152},
  editor    = {Martin Hofmann},
  publisher = {Springer},
  series    = {LNCS},
  volume    = {6604}
 }

@inproceedings{ecai06,
  author    = {Stefano Bistarelli and
               Fabio Gadducci},
  title     = {Enhancing Constraints Manipulation in Semiring-Based Formalisms},
  booktitle = {ECAI 2006},
  year      = {2006},
  pages     = {63-67},
  ee        = {http://www.booksonline.iospress.nl/Content/View.aspx?piid=1647},
  crossref  = {DBLP:conf/ecai/2006},
  bibsource = {DBLP, http://dblp.uni-trier.de}
}
@proceedings{DBLP:conf/ecai/2006,
  editor    = {Gerhard Brewka and
               Silvia Coradeschi and
               Anna Perini and
               Paolo Traverso},
  title     = {ECAI 2006, 17th European Conference on Artificial Intelligence,
               August 29 - September 1, 2006, Riva del Garda, Italy, Including
               Prestigious Applications of Intelligent Systems (PAIS 2006),
               Proceedings},
  booktitle = {ECAI},
  publisher = {IOS Press},
  series    = {FAIA},
  volume    = {141},
  year      = {2006},
  isbn      = {1-58603-642-4},
  bibsource = {DBLP, http://dblp.uni-trier.de}
}


@article{jacm,
  author    = {Stefano Bistarelli and
               Ugo Montanari and
               Francesca Rossi},
  title     = {Semiring-based constraint satisfaction and optimization},
  journal   = {Journal of ACM},
  volume    = {44},
  number    = {2},
  year      = {1997},
  pages     = {201-236},
  ee        = {http://doi.acm.org/10.1145/256303.256306},
  bibsource = {DBLP, http://dblp.uni-trier.de}
}


@article{scc,
  author    = {Stefano Bistarelli and
               Ugo Montanari and
               Francesca Rossi},
  title     = {Soft concurrent constraint programming},
  journal   = {ACM ToCL},
  volume    = {7},
  number    = {3},
  year      = {2006},
  pages     = {563-589}
}

@article{nmsccp,
  author    = {Stefano Bistarelli and
               Francesco Santini},
  title     = {A Nonmonotonic Soft Concurrent Constraint Language to Model
               the Negotiation Process},
  journal   = {Fundam. Inform.},
  volume    = {111},
  number    = {3},
  year      = {2011},
  pages     = {257-279},
  ee        = {http://dx.doi.org/10.3233/FI-2011-563},
  bibsource = {DBLP, http://dblp.uni-trier.de}
}


@book{handalgebra,
 author = {J. A. Bergstra},
 title = {Handbook of Process Algebra},
 year = {2001},
 isbn = {0444828303},
 publisher = {Elsevier Science Inc.},
 address = {New York, NY, USA},
 }
 
 
 @inproceedings{popl91,
  author    = {Vijay A. Saraswat and
               Martin C. Rinard and
               Prakash Panangaden},
  title     = {Semantic foundations of concurrent constraint programming},
  booktitle = {POPL 1991},
  year      = {1991},
  pages     = {333-352},
  editor    = {David S. Wise},
  publisher = {ACM Press}
  }
  

@inproceedings{Pino:14:ICTAC,
  author    = {Luis Fernando Pino and Filippo Bonchi and Frank D. Valencia},
  title     = {A Behavioral Congruence for Concurrent Constraint Programming with Non-deterministic Choice},
  editor    = {Gabriel Ciobanu and Dominique M{\'{e}}ry},
  booktitle = {ICTAC 2014},
  series    = {LNCS},
  year      = {2014},
  volume    = {8687},
  publisher = {Springer},
  pages     = {351-368}
}

@PhdThesis{PinoPhD,
  title = {Efficient Verification and New Reasoning Techniques for Concurrent Constraint Programming},
  author = {Luis Fernando Pino},
  school = {\'Ecole Polytechnique},
  year = {2014}
  }

@InProceedings{Leifer:00:CONCUR,
	author = {James J. Leifer and Robin Milner},
	title = {Deriving bisimulation congruences for reactive systems},
	booktitle = {CONCUR 2000},
         editor    = {Catuscia Palamidessi},
	year = {2000},
	series = {LNCS},
	pages = {243--258}	
}

@InProceedings{Bonchi:09:FOSSACS,
	author = {Filippo Bonchi and Fabio Gadducci and Giacoma Valentina Monreale},
	year = {2009},
	title = {Reactive Systems, Barbed Semantics, and the Mobile Ambients},
         editor    = {L. de Alfaro},
	booktitle = {FOSSACS 2009},
	series = {LNCS},
	pages = {272--287}
}

@inproceedings{ccpi,
  author    = {Maria Grazia Buscemi and
               Ugo Montanari},
  title     = {{CC-P}i: A Constraint-Based Language for Specifying Service Level Agreements},
  booktitle = {ESOP 2007},
  editor    = {Rocco {De Nicola}},
  pages     = {18-32},
  publisher = {Springer},
  series    = {LNCS},
  volume    = {4421},
  year      = {2007}
}
