@inproceedings{jelia2021,
	author    = {Fabio Gadducci and Francesco Santini},
	editor    = {Wolfgang Faber and Gerhard Friedrich and Martin Gebser},
	title     = {Residuation for Soft Constraints: Lexicographic Orders and Approximation Techniques},
	booktitle = {JELIA 2021},
	series    = {LNCS},
	publisher = {Springer},
	year      = {2021},
	note = {to appear}
}

@article{abs-2012-01847,
  author    = {Fabio Gadducci and Francesco Santini},
  title     = {Residuation for Soft Constraints: Lexicographic Orders and Approximation Techniques},
  journal   = {CoRR},
  volume    = {abs/2103.06741},
  year      = {2021},
}

@article{ciabattoni,
	author    = {Agata Ciabattoni and
	Francesco A. Genco and
	Revantha Ramanayake},
	title     = {Substructural logics: \emph{semantics, proof theory, and applications.}
	report on the second {SYSMICS} workshop},
	journal   = {{ACM} {SIGLOG} News},
	volume    = {5},
	number    = {2},
	pages     = {58--60},
	year      = {2018}
}



@inproceedings{residuatedlogic,
	author    = {Carlos Viegas Dam{\'{a}}sio and
	Lu{\'{\i}}s Moniz Pereira},
	editor    = {Salem Benferhat and
	Philippe Besnard},
	title     = {Monotonic and Residuated Logic Programs},
	booktitle = {ECSQARU 2001},
	series    = {LNCS},
	volume    = {2143},
	pages     = {748--759},
	publisher = {Springer},
	year      = {2001}
}



@article{resCS,
	author    = {M.C. Cooper and T. Schiex},
	title = {Arc consistency for soft constraints},
	journal   = {Artificial Intelligence},
	volume    = {154},
	number = {1--2},
	pages     = {199--227},
	year      = {2007}
}

@inproceedings{valuation,
	author    = {Alexander Schiendorfer and
	Alexander Knapp and
	Jan{-}Philipp Stegh{\"{o}}fer and
	Gerrit Anders and
	Florian Siefert and
	Wolfgang Reif},
	title     = {Partial Valuation Structures for Qualitative Soft Constraints},
	booktitle = {Software, Services, and Systems},
	series    = {LNCS},
	volume    = {8950},
	pages     = {115--133},
	publisher = {Springer},
	year      = {2015}
}

@book{resbook,
  AUTHOR =       {F. Baccelli and G. Cohen and G.J. Olsder and J-P. Quadrat},
  TITLE =        {Synchronization and Linearity: An Algebra for Discrete Event Systems},
  PUBLISHER =    {Wiley},
  YEAR =         {1992}
 } 

@book{onoEtc,
	author    = {Nikolaos Galatos and Peter Jipsen and Tomasz Kowalski and Hiroakira Ono},
	title = {Residuated Lattices: An Algebraic Glimpse at Substructural Logics},
	publisher = {Springer},
	year      = {2007}
}

@inproceedings{substructural,
	author    = {Hiroakira Ono},
        editor    = {Van{-}Nam Huynh and
                Yoshiteru Nakamori and
                Hiroakira Ono and
                Jonathan Lawry and
                Vladik Kreinovich and
                Hung T. Nguyen},
	title     = {An Algebraic Approach to Substructural Logics - {A}n Overview},
	booktitle = {UncLog 2008},
	series    = {Advances in Soft Computing},
	volume    = {46},
	pages     = {3--4},
	publisher = {Springer},
	year      = {2008}
}

@article{clp,
	author    = {Joxan Jaffar and
	Michael J. Maher},
	title     = {Constraint Logic Programming: {A} Survey},
	journal   = {Logic Programming},
	volume    = {19/20},
	pages     = {503--581},
	year      = {1994}
}

@article{hierarchicalclp,
	author    = {Molly Wilson and Alan Borning},
	title     = {Hierarchical Constraint Logic Programming},
	journal   = {Logic Programming},
	volume    = {16},
	number    = {3},
	pages     = {277--318},
	year      = {1993}
}

@article{jheuristicsemma,
	author    = {Emma Rollon and
	Javier Larrosa},
	title     = {Bucket elimination for multiobjective optimization problems},
	journal   = {Heuristics},
	volume    = {12},
	number    = {4-5},
	pages     = {307--328},
	year      = {2006}
}

@article{sca,
	author    = {Kasper Dokter and
	Fabio Gadducci and
	Benjamin Lion and
	Francesco Santini},
	title     = {Soft constraint automata with memory},
	journal   = {Logical and Algebraic Methods in Programming},
	volume    = {118},
	pages     = {100615},
	year      = {2021}
}

@inproceedings{infinite,
	author    = {Manuel Bodirsky},
        editor    = {Nadia Creignou and
               Phokion G. Kolaitis and
               Heribert Vollmer},	title     = {Constraint Satisfaction Problems with Infinite Templates},
	booktitle = {Complexity of Constraints},
	series    = {LNCS},
	volume    = {5250},
	pages     = {196--228},
	publisher = {Springer},
	year      = {2008}
}

@inproceedings{partitioning,
	author    = {E. Rollon and
	J. Larrosa and
	R. Dechter},
	title     = {Semiring-Based Mini-Bucket Partitioning Schemes},
	booktitle = {IJCAI 2013},
	year      = {2013},
	pages = {644-650},
	editor    = {F. Rossi},
	publisher = {AAAI Press},
}


@inproceedings{bucketsemiring,
	author    = {Emma Rollon and
	Javier Larrosa and
	Rina Dechter},
         editor    = {Francesca Rossi},
         title     = {Semiring-Based Mini-Bucket Partitioning Schemes},
         booktitle = {IJCAI 2013},	
         pages     = {644--650},
	publisher = {{IJCAI/AAAI}},
	year      = {2013}
}



@inproceedings{minibucket,
	author = {Dechter, R.},
	title = {Mini-buckets: A General Scheme for Generating Approximations in Automated Reasoning},
	booktitle = {IJCAI 1997},
	year = {1997},
	pages = {1297--1302},
	publisher = {Morgan Kaufmann}
}


@article{bucket,
	author = {Dechter, R.},
	title = {Bucket Elimination: A Unifying Framework for Reasoning},
	journal = {Artificial Intelligence},
	volume = {113},
	number = {1-2},
	year = {1999},
	pages = {41--85},
	publisher = {Elsevier Science Publishers Ltd.},
} 


@article{freuderlexi,
	author    = {Eugene C. Freuder and
	Robert Heffernan and
	Richard J. Wallace and
	Nic Wilson},
	title     = {Lexicographically-ordered constraint satisfaction problems},
	journal   = {Constraints},
	volume    = {15},
	number    = {1},
	pages     = {1--28},
	year      = {2010}
}


@article{jheuristics,
	author    = {Carmel Domshlak and
	Steven David Prestwich and
	Francesca Rossi and
	Kristen Brent Venable and
	Toby Walsh},
	title     = {Hard and soft constraints for reasoning about qualitative conditional
	preferences},
	journal   = {Heuristics},
	volume    = {12},
	number    = {4-5},
	pages     = {263--285},
	year      = {2006}
}

@inproceedings{catuscia,
	author    = {Filippo Bonchi and
	Laura Bussi and
	Fabio Gadducci and
	Francesco Santini},
        editor    = {M{\'{a}}rio S. Alvim and
               Kostas Chatzikokolakis and
               Carlos Olarte and
               Frank Valencia},
	title     = {Polyadic Soft Constraints},
	booktitle = {The Art of Modelling Computational Systems},
	series    = {LNCS},
	volume    = {11760},
	pages     = {241--257},
	publisher = {Springer},
	year      = {2019}
}

@article{labelled,
	author    = {Fabio Gadducci and
	Francesco Santini and
	Luis Fernando Pino and
	Frank D. Valencia},
	title     = {Observational and behavioural equivalences for soft concurrent constraint
	programming},
	journal   = {Logic and Algebraic Methods in Programming},
	volume    = {92},
	pages     = {45--63},
	year      = {2017}
}

@incollection{chapterrossi,
	author    = {Pedro Meseguer and
	Francesca Rossi and
	Thomas Schiex},
	editor    = {Francesca Rossi and
	Peter van Beek and
	Toby Walsh},
	title     = {Soft Constraints},
	booktitle = {Handbook of Constraint Programming},
	pages     = {281--328},
	publisher = {Elsevier},
	year      = {2006}
}


@incollection{arconsistency,
	author    = {Christian Bessiere},
	editor    = {Francesca Rossi and
	Peter van Beek and
	Toby Walsh},
	title     = {Constraint Propagation},
	booktitle = {Handbook of Constraint Programming},
	pages     = {29--83},
	publisher = {Elsevier},
	year      = {2006}
}

@inproceedings{residuation1,
	author    = {Stefano Bistarelli and
	Fabio Gadducci},
	title     = {Enhancing Constraints Manipulation in Semiring-Based Formalisms},
	booktitle = {ECAI 2006},
	series    = {FAIA},
	volume    = {141},
	pages     = {63--67},
	publisher = {{IOS} Press},
	year      = {2006}
}


@book{golan,
	title={Semirings and their Applications},
	author={Golan, Jonathan S},
	year={2013},
	publisher={Springer}
}

@inproceedings{schiex,
	author    = {Thomas Schiex and
	H{\'{e}}l{\`{e}}ne Fargier and
	G{\'{e}}rard Verfaillie},
	title     = {Valued Constraint Satisfaction Problems: Hard and Easy Problems},
        booktitle = {IJCAI 1995},	
        pages     = {631--639},
	publisher = {Morgan Kaufmann},
	year      = {1995}
}

@inproceedings{wirsingsemi,
	author    = {Matthias M. H{\"{o}}lzl and
	Max Meier and
	Martin Wirsing},
	editor    = {Grigore Rosu},
	title     = {Which Soft Constraints do you Prefer?},
	booktitle = {Proceedings of the Seventh International Workshop on Rewriting Logic
	and its Applications, {WRLA} 2008, Budapest, Hungary, March 29-30,
	2008},
	series    = {Electronic Notes in Theoretical Computer Science},
	volume    = {238},
	number    = {3},
	pages     = {189--205},
	publisher = {Elsevier},
	year      = {2008}
}

@article{ipl,
	author    = {Fabio Gadducci and Francesco Santini},
	title     = {Residuation for bipolar preferences in soft constraints},
	journal   = {Information Processing Letters},
	volume    = {118},
	pages     = {69--74},
	year      = {2017}
}

@article{moon,
	author    = {Young{-}Joo Moon and
	Alexandra Silva and
	Christian Krause and
	Farhad Arbab},
	title     = {A compositional model to reason about end-to-end {QoS} in stochastic
	{R}eo connectors},
	journal   = {Science of Computer Programming},
	volume    = {80},
	pages     = {3--24},
	year      = {2014}
}

@inproceedings{DBLP:conf/coordination/DokterA18,
  author    = {Kasper Dokter and
               Farhad Arbab},
  title     = {Rule-Based Form for Stream Constraints},
  booktitle = {{COORDINATION} 2018},
  editor    = {Giovanna Di Marzo Serugendo and
               Michele Loreti},
  pages     = {142--161},
  series    = {LNCS},
  volume    = {10852},
  publisher = {Springer},
  year      = {2018}
}

@phdthesis{Jongmans16,
  author      = {Jongmans, S.-S. T. Q.},
  title       = {Automata-theoretic protocol programming},
  school      = {Leiden University},
  year        = {2016}
}

@inproceedings{coordination15,
	author    = {Fabio Gadducci and
	Francesco Santini and
	Luis Fernando Pino and
	Frank D. Valencia},
    editor    = {Tom Holvoet and
               Mirko Viroli},
	title     = {A Labelled Semantics for Soft Concurrent Constraint Programming},
	booktitle = {{COORDINATION} 2018},
	pages     = {133--149},
	series    = {LNCS},
	volume    = {9037},
	publisher = {Springer},
	year      = {2015}
}

@incollection{henkin1981cylindric,
	title={Cylindric set algebras and related structures},
	author={Henkin, Leon and Monk, J Donald and Tarski, Alfred},
	booktitle={Cylindric Set Algebras},
	pages={1--129},
	year={1981},
	publisher={Springer}
}

@article{DBLP:journals/scp/ClarkeCA07,
  author    = {Dave Clarke and
               David Costa and
               Farhad Arbab},
  title     = {Connector colouring {I:} Synchronisation and context dependency},
  journal   = {Science of Computer Programming},
  volume    = {66},
  number    = {3},
  pages     = {205--225},
  year      = {2007}
}
@inproceedings{DBLP:conf/fsen/CostaNR11,
  author    = {David Costa and
               Milad Niqui and
               Jan J. M. M. Rutten},
  title     = {Intentional Automata: {A} Context-Dependent Model for Component Connectors},
  booktitle = {FSEN 2011},
  pages     = {335--342},
  editor    = {Farhad Arbab and
               Marjan Sirjani},
  series    = {LNCS},
  volume    = {7141},
  publisher = {Springer},
  year      = {2012}
}
@article{DBLP:journals/scp/BonsangueCS12,
  author    = {Marcello M. Bonsangue and
               Dave Clarke and
               Alexandra Silva},
  title     = {A model of context-dependent component connectors},
  journal   = {Science of Computer Programming},
  volume    = {77},
  number    = {6},
  pages     = {685--706},
  year      = {2012}
}
@inproceedings{DBLP:conf/sefm/IzadiBC08,
  author    = {Mohammad Izadi and
               Marcello M. Bonsangue and
               Dave Clarke},
  title     = {Modeling Component Connectors: Synchronisation and Context-Dependency},
  booktitle = {SEFM 2008},
  pages     = {303--312},
  year      = {2008},
  editor    = {Antonio Cerone and
               Stefan Gruner},
  publisher = {{IEEE} Computer Society}
}
@inproceedings{DBLP:conf/coordination/JongmansKA11,
  author    = {Sung{-}Shik T. Q. Jongmans and
               Christian Krause and
               Farhad Arbab},
  title     = {Encoding Context-Sensitivity in {Reo} into Non-Context-Sensitive Semantic
               Models},
  booktitle = {COORDINATION 2011},
  pages     = {31--48},
  year      = {2011},
  editor    = {Wolfgang De Meuter and
               Gruia{-}Catalin Roman},
  series    = {LNCS},
  volume    = {6721},
  publisher = {Springer}
  }
@inproceedings{DBLP:conf/birthday/Jongmans18,
  author    = {Sung{-}Shik Jongmans},
  title     = {Formalizing Propagation of Priorities in {Reo}, Using Eight Colors},
  booktitle = {It's All About Coordination - Essays to Celebrate the Lifelong Scientific
               Achievements of Farhad Arbab},
  pages     = {122--138},
  year      = {2018},
  crossref  = {DBLP:conf/birthday/2018arbab},
  url       = {https://doi.org/10.1007/978-3-319-90089-6\_9},
  doi       = {10.1007/978-3-319-90089-6\_9},
  timestamp = {Sat, 19 Oct 2019 20:29:09 +0200},
  biburl    = {https://dblp.org/rec/bib/conf/birthday/Jongmans18},
  bibsource = {dblp computer science bibliography, https://dblp.org}
}
@proceedings{DBLP:conf/birthday/2018arbab,
  editor    = {Frank S. de Boer and
               Marcello M. Bonsangue and
               Jan Rutten},
  title     = {It's All About Coordination - Essays to Celebrate the Lifelong Scientific
               Achievements of Farhad Arbab},
  series    = {Lecture Notes in Computer Science},
  volume    = {10865},
  publisher = {Springer},
  year      = {2018},
  url       = {https://doi.org/10.1007/978-3-319-90089-6},
  doi       = {10.1007/978-3-319-90089-6},
  isbn      = {978-3-319-90088-9},
  timestamp = {Sat, 19 Oct 2019 20:29:09 +0200},
  biburl    = {https://dblp.org/rec/bib/conf/birthday/2018arbab},
  bibsource = {dblp computer science bibliography, https://dblp.org}
}
@inproceedings{DBLP:conf/facs2/Jongmans16,
  author    = {Sung{-}Shik T. Q. Jongmans},
  title     = {(Context-Sensitivity In) {Reo}, Revisited},
  booktitle = {Formal Aspects of Component Software - 13th International Conference,
               {FACS} 2016, Besan{\c{c}}on, France, October 19-21, 2016, Revised
               Selected Papers},
  pages     = {191--209},
  year      = {2016},
  crossref  = {DBLP:conf/facs2/2016},
  url       = {https://doi.org/10.1007/978-3-319-57666-4\_12},
  doi       = {10.1007/978-3-319-57666-4\_12},
  timestamp = {Tue, 14 May 2019 10:00:42 +0200},
  biburl    = {https://dblp.org/rec/bib/conf/facs2/Jongmans16},
  bibsource = {dblp computer science bibliography, https://dblp.org}
}
@proceedings{DBLP:conf/facs2/2016,
  editor    = {Olga Kouchnarenko and
               Ramtin Khosravi},
  title     = {Formal Aspects of Component Software - 13th International Conference,
               {FACS} 2016, Besan{\c{c}}on, France, October 19-21, 2016, Revised
               Selected Papers},
  series    = {Lecture Notes in Computer Science},
  volume    = {10231},
  year      = {2017},
  url       = {https://doi.org/10.1007/978-3-319-57666-4},
  doi       = {10.1007/978-3-319-57666-4},
  isbn      = {978-3-319-57665-7},
  timestamp = {Tue, 14 May 2019 10:00:42 +0200},
  biburl    = {https://dblp.org/rec/bib/conf/facs2/2016},
  bibsource = {dblp computer science bibliography, https://dblp.org}
}


@inproceedings{GadducciHMW13,
  author    = {Fabio Gadducci and
               Matthias M. H{\"{o}}lzl and
               Giacoma Valentina Monreale and
               Martin Wirsing},
  title     = {Soft Constraints for Lexicographic Orders},
  booktitle = {MICAI 2013},
  pages     = {68--79},
  year      = {2013},
  series    = {LNCS},
  volume    = {8265},
  publisher = {Springer}
}

@inCollection{sagi2013,
	author    = {G\'abor S\'agi},
	title         = {Polyadic algebras},
	booktitle = {Cylindric-like algebras and algebraic logic},
	editor      = {Andr\'eka, Hajnal and Ferenczi, Mikl\'os and N\'emeti, Istv\'an},
	series = {Bolyai Society Mathematical Studies},
	volume = {22},
	pages     = {367--389},
	publisher = {Springer},
	year      = {2013}
}


@article{chaos,
	author    = {Ram{\'{o}}n Alonso{-}Sanz and
	Andy Adamatzky},
	title     = {Actin Automata with Memory},
	journal   = {Bifurcation and Chaos},
	volume    = {26},
	number    = {1},
	year      = {2016}
}




@article{nonerasing,
	author    = {John E. Hopcroft and
	Jeffrey D. Ullman},
	title     = {Nonerasing Stack Automata},
	journal   = {Computer Systems and Science},
	volume    = {1},
	number    = {2},
	pages     = {166--186},
	year      = {1967}
}



@article{maude,
	author    = {Manuel Clavel and
	Francisco Dur{\'{a}}n and
	Steven Eker and
	Patrick Lincoln and
	Narciso Mart{\'{\i}}{-}Oliet and
	Jos{\'{e}} Meseguer and
	Jose F. Quesada},
	title     = {Maude: specification and programming in rewriting logic},
	journal   = {Theoretical Computer Science},
	volume    = {285},
	number    = {2},
	pages     = {187--243},
	year      = {2002}
}


@inproceedings{festschrift,
	author    = {Kasper Dokter and
	Fabio Gadducci and
	Francesco Santini},
	editor    = {Frank S. de Boer and
	Marcello M. Bonsangue and
	Jan Rutten},
	title     = {Soft Constraint Automata with Memory},
	booktitle = {It's All About Coordination},
	series    = {LNCS},
	volume    = {10865},
	pages     = {70--85},
	publisher = {Springer},
	year      = {2018}
}

@inproceedings{talcottfest,
	author    = {Carolyn L. Talcott},
	editor    = {Frank S. de Boer and
	Marcello M. Bonsangue and
	Jan Rutten},
	title     = {From Soft Agents to Soft Component Automata and Back},
	booktitle = {It's All About Coordination},
	series    = {LNCS},
	volume    = {10865},
	pages     = {189--207},
	publisher = {Springer},
	year      = {2018}
}


@inproceedings{facs16,
	author    = {Stefano Bistarelli and
	Fabio Martinelli and
	Ilaria Matteucci and
	Francesco Santini},
	title     = {A Formal and Run-Time Framework for the Adaptation of Local Behaviours to Match a Global Property},
	booktitle = {FACS 2016},
        editor    = {Olga Kouchnarenko and Ramtin Khosravi},
	pages     = {134--152},
	year      = {2016},
	series    = {{LNCS}},
	volume    = {10231},
    publisher= {Springer}
}


@inproceedings{lpar,
	author    = {Stefano Bistarelli and
	Fabio Martinelli and
	Ilaria Matteucci and
 	Francesco Santini},
        editor    = {Thomas Eiter and David Sands},
	title     = {A Quantitative Partial Model-Checking Function and Its Optimisation},
	booktitle = {LPAR 2017},
	pages     = {319--337},
	year      = {2017},
	series    = {EPiC Series in Computing},
	volume    = {46},
	publisher = {EasyChair},
}


@inproceedings{kappesecond,
	author    = {Carolyn L. Talcott and
	Vivek Nigam and
	Farhad Arbab and
	Tobias Kapp{\'{e}}},
         editor    = {Marco Bernardo and
               Rocco De Nicola and
               Jane Hillston},
	title     = {Formal Specification and Analysis of Robust Adaptive Distributed Cyber-Physical Systems},
	booktitle = {SFM 2016},
	pages     = {1--35},
	year      = {2016},
	series    = {{LNCS}},
	volume    = {9700},
	publisher = {Springer},
}


@inproceedings{sefm,
	author    = {Mahdi Sargolzaei and
	Francesco Santini and
	Farhad Arbab and
	Hamideh Afsarmanesh},
	editor    = {Robert M. Hierons and
               Mercedes G. Merayo and
               Mario Bravetti},
	title     = {A Tool for Behaviour-Based Discovery of Approximately Matching Web
	Services},
	booktitle = {SEFM 2013},
	pages     = {152--166},
	year      = {2013},
	series    = {{LNCS}},
	volume    = {8137},
	publisher = {Springer}
}





@article{probabilistic,
	title={Probabilistic Models for {R}eo Connector Circuits.},
	author={Baier, Christel},
	journal={Universal Computer Science},
	volume={11},
	number={10},
	pages={1718--1748},
	year={2005}
}



@article{timed,
	author    = {Farhad Arbab and
	Christel Baier and
	Frank S. de Boer and
	Jan J. M. M. Rutten},
	title     = {Models and temporal logical specifications for timed component connectors},
	journal   = {Software and System Modeling},
	volume    = {6},
	number    = {1},
	pages     = {59--82},
	year      = {2007}
}


@inproceedings{qos2,
	author    = {Farhad Arbab and
	Tom Chothia and
	Sun Meng and
	Young{-}Joo Moon},
        editor    = {Amy L. Murphy and
               Jan Vitek},
	title     = {Component Connectors with {QoS} Guarantees},
	booktitle = {COORDINATION 2007},
	pages     = {286--304},
	year      = {2007},
	series    = {{LNCS}},
	volume    = {4467},
	publisher = {Springer},
}



@article{qos1,
	author    = {Sun Meng and
	Farhad Arbab},
	title     = {{QoS}-Driven Service Selection and Composition Using Quantitative Constraint
	Automata},
	journal   = {Fundamenta Informaticae},
	volume    = {95},
	number    = {1},
	pages     = {103--128},
	year      = {2009}
}


@inproceedings{puff,
	author    = {Farhad Arbab},
        editor    = {Gul Agha and
               Olivier Danvy and
               Jos{\'{e}} Meseguer},
	title     = {Puff, The Magic Protocol},
	booktitle = {Formal Modeling: Actors, Open Systems, Biological Systems},
	pages     = {169--206},
	year      = {2011},
	series    = {{LNCS}},
	volume    = {7000},
	publisher = {Springer},
}





@inproceedings{kappefirst,
	author    = {Tobias Kapp{\'{e}} and
	Farhad Arbab and
	Carolyn L. Talcott},
        editor    = {Mehdi Kargahi and
               Ashutosh Trivedi},
	title     = {A Compositional Framework for Preference-Aware Agents},
	booktitle = {V2CPS@IFM 2016},
	pages     = {21--35},
	year      = {2016},
	series    = {{EPTCS}},
	volume    = {232},
}


@inproceedings{optimization,
	author    = {Sung{-}Shik T. Q. Jongmans and
	Sean Halle and
	Farhad Arbab},
	title     = {Automata-Based Optimization of Interaction Protocols for Scalable
	Multicore Platforms},
	booktitle = {Coordination Models and Languages - 16th {IFIP} {WG} 6.1 International
	Conference, {COORDINATION}},
	pages     = {65--82},
	year      = {2014},
	series    = {{LNCS}},
	volume    = {8459},
	publisher = {Springer},
}



@article{thirty,
	author    = {Sung{-}Shik T. Q. Jongmans and
	Farhad Arbab},
	title     = {Overview of Thirty Semantic Formalisms for {R}eo},
	journal   = {Scientific Annals of Computer Science},
	volume    = {22},
	number    = {1},
	pages     = {201--251},
	year      = {2012}
}


@article{reo,
	author    = {Farhad Arbab},
	title     = {Reo: a channel-based coordination model for component composition},
	journal   = {Mathematical Structures in Computer Science},
	volume    = {14},
	number    = {3},
	pages     = {329--366},
	year      = {2004}
}

@inproceedings{kappe,
	author    = {Tobias Kapp{\'{e}} and Farhad Arbab and Carolyn L. Talcott},
        editor    = {Jos{\'{e}} Proen{\c{c}}a and Markus Lumpe},
	title     = {A Component-Oriented Framework for Autonomous Agents},
	booktitle = {FACS 2017},
	pages     = {20--38},
	year      = {2017},
	series    = {{LNCS}},
	volume    = {10487},
	publisher = {Springer}
}



@article{memorycells,
	author    = {Sung{-}Shik T. Q. Jongmans and
	Tobias Kapp{\'{e}} and
	Farhad Arbab},
	title     = {Constraint automata with memory cells and their composition},
	journal   = {Science of Computer Programming},
	volume    = {146},
	pages     = {50--86},
	year      = {2017},
}


@inproceedings{wsfm12,
	author    = {Farhad Arbab and
	Francesco Santini},
	title     = {Preference and Similarity-Based Behavioral Discovery of Services},
        editor    = {Maurice H. ter Beek and Niels Lohmann},
	booktitle = {WS-FM 2012},
	pages     = {118--133},
	year      = {2012},
	series    = {{LNCS}},
	volume    = {7843},
	publisher = {Springer},
}


@inproceedings{scott,
	author    = {Dana S. Scott},
	title     = {Domains for Denotational Semantics},
	booktitle = {Automata, Languages and Programming, 9th Colloquium ({ICALP})},
		isbn      = {3-540-11576-5},
	pages     = {577--613},
	series    = {{LNCS}},
	volume    = {140},
	publisher = {Springer},
	year      = {1982},
}



@article{default,
	author    = {Raymond Reiter},
	title     = {A Logic for Default Reasoning},
	journal   = {Artificial Intelligence},
	volume    = {13},
	number    = {1-2},
	pages     = {81--132},
	year      = {1980}
}

@article{linear,
	author    = {Jean{-}Yves Girard},
	title     = {Linear Logic},
	journal   = {Theoretical Computer Science},
	volume    = {50},
	pages     = {1--102},
	publisher = {Elsevier},
	year      = {1987}
}


@article{fun11,
	author    = {Stefano Bistarelli and
	Francesco Santini},
	title     = {A Nonmonotonic Soft Concurrent Constraint Language to Model the Negotiation
	Process},
	journal   = {Fundamamenta Informaticae},
	volume    = {111},
	number    = {3},
	pages     = {257--279},
	year      = {2011}
}

 @inproceedings{NMCC1,
 	author = "P. Codognet and F. Rossi",
 	title = "{NMCC} Programming: Constraint Enforcement and Retracting in {CC} Programming",
 	booktitle = "ICLP'95",
 	pages = "417-431",
 	year = "1995"}
 
 
 @inproceedings{NMCC2,
 	author    = {F. S. de Boer and
 	J. N. Kok and
 	C. Palamidessi and
 	J. J. M. M. Rutten},
 	title     = {Non-monotonic Concurrent Constraint Programming},
 	booktitle = {International Symposium on Logic Programming ({ILPS})},
 	year      = {1993},
 	pages     = {315-334},
 	publisher= {{MIT} {P}ress}
 }


@inproceedings{nnmonopal,
	author = {E. Best and F. S. de Boer and C. Palamidessi},
	title = {Partial Order and {SOS} Semantics for Linear Constraint Programs},
	booktitle = {COORDINATION '97},
	year = {1997},
	isbn = {3-540-63383-9},
	pages = {256--273},
	publisher = {Springer-Verlag},
}

@techreport{higherorder,
	author = "V. Saraswat and P. Lincoln",
	title = "{Higher-order Linear Concurrent Constraint Programming}",
	institution= "Xerox Parc",
	year = "1992",
}


@inproceedings{tdefault,
	author = {V. Saraswat and R. Jagadeesan and V. Gupta},
	title = {Default timed concurrent constraint programming},
	booktitle = {POPL '95},
	year = {1995},
	isbn = {0-89791-692-1},
	pages = {272--285},
	location = {San Francisco, California, United States},
	doi = {http://doi.acm.org/10.1145/199448.199513},
	publisher = {ACM Press},
}


@inproceedings{cc-pi,
	author    = {M. G. Buscemi and
	U. Montanari},
	title     = {{CC-Pi}: A Constraint-Based Language for Specifying Service
	Level Agreements},
	booktitle = {Programming Languages and Systems, 16th European Symposium
	on Programming ({ESOP})},
	year      = {2007},
	pages     = {18--32},
	publisher = {Springer},
	series    = {LNCS},
	volume    = {4421},
	isbn      = {978-3-540-71314-2}
}


@article{LCCP,
	author = {F. Fages and P. Ruet and S. Soliman},
	title = {Linear concurrent constraint programming: operational and phase semantics},
	journal = {Inf. Comput.},
	volume = {165},
	number = {1},
	year = {2001},
	issn = {0890-5401},
	pages = {14--41},
	doi = {http://dx.doi.org/10.1006/inco.2000.3002},
	publisher = {Academic Press, Inc.},
	address = {Duluth, MN, USA},
}


@book{residuation,
	title={Residuation theory},
	author={Blyth, Thomas Scott and Janowitz, Melvin F},
	year={2014},
	publisher={Elsevier}
}

@article{ipl17,
  author    = {Fabio Gadducci and
               Francesco Santini},
  title     = {Residuation for bipolar preferences in soft constraints},
  journal   = {Information Processing Letters},
  volume    = {118},
  pages     = {69--74},
  year      = {2017}
}



@incollection{quantales,
	title = "Algebraic and Categorical Aspects of Quantales",
	editor = "M. Hazewinkel",
	booktitle = "Handbook of Algebra",
	publisher = "North-Holland",
	volume = "5",
	pages = "323 - 362",
	year = "2008",
	issn = "1570-7954",
	author = "David Kruml and Jan Paseka"
}




@article{jacm97,
	author = {S. Bistarelli and U. Montanari and F. Rossi},
	title = {Semiring-based constraint satisfaction and optimization},
	journal = {Journal of ACM},
	volume = {44},
	number = {2},
	year = {1997},
	pages = {201--236},
	publisher = {ACM}
}

@article{bipolar,
	author    = {S. Bistarelli and
	M. S. Pini and
	F. Rossi and
	K. B. Venable},
	title     = {Uncertainty in bipolar preference problems},
	journal   = {Experimental and Theoretical Artificial Intelligence},
	volume    = {23},
	number    = {4},
	year      = {2011},
	pages     = {545-575}
}


@article{eswa11,
	author    = {S. Bistarelli and
	F. Gadducci and
	J. Larrosa and
	E. Rollon and
	F. Santini},
	title     = {Local arc consistency for non-invertible semirings, with
	an application to multi-objective optimization},
	journal   = {Expert Systems and Applications},
	volume    = {39},
	number    = {2},
	year      = {2012},
	pages     = {1708-1717},
	ee        = {http://dx.doi.org/10.1016/j.eswa.2011.06.062},
	bibsource = {DBLP, http://dblp.uni-trier.de}
}


@article{nic,
	author    = {H{\'{e}}l{\`{e}}ne Fargier and
	Emma Rollon and
	Nic Wilson},
	title     = {Enabling local computation for partially ordered preferences},
	journal   = {Constraints},
	volume    = {15},
	number    = {4},
	pages     = {516--539},
	year      = {2010}
}


  @inproceedings{nicbandb,
  	author    = {H. Fargier and
  	N. Wilson},
  	title     = {Algebraic Structures for Bipolar Constraint-Based Reasoning},
  	booktitle = {ECSQARU 2007},
  	year      = {2007},
  	pages     = {623-634},
  	editor    = {Khaled Mellouli},
  	publisher = {Springer},
  	series    = {LNCS},
  	volume    = {4724}
  }
  
  

@article{semiringcase,
	author    = {S. Bistarelli and
	M. S. Pini and
	F. Rossi and
	K. B. Venable},
	title     = {From soft constraints to bipolar preferences: modelling
	framework and solving issues},
	journal   = {Experimental and Theoretical Artificial Intelligence},
	volume    = {22},
	number    = {2},
	year      = {2010},
	pages     = {135-158}
}

@inproceedings{larrosa-aaai02,
	author    = {J. Larrosa},
	title     = {Node and Arc Consistency in Weighted {CSP}},
	booktitle = {AAAI/IAAI 2002},
	editor    = {Rina Dechter and
	Richard S. Sutton},
	year      = {2002},
	publisher = {AAAI/The MIT Press},
	pages     = {48-53}
}