
@article{smtpolynomial,
	author    = {Cristina Borralleras and
	Salvador Lucas and
	Albert Oliveras and
	Enric Rodr{\'{\i}}guez{-}Carbonell and
	Albert Rubio},
	title     = {{SAT} Modulo Linear Arithmetic for Solving Polynomial Constraints},
	journal   = {Journal of Automed Reasoning},
	volume    = {48},
	number    = {1},
	pages     = {107--131},
	year      = {2012}
}


@inproceedings{bortolussi,
	author    = {Luca Bortolussi and
	Herbert Wiklicky},
	editor    = {Maurizio Gabbrielli and
	Gopal Gupta},
	title     = {A Distributed and Probabilistic Concurrent Constraint Programming
	Language},
	booktitle = {ICLP 2005},
	series    = {{LNCS}},
	volume    = {3668},
	pages     = {143--158},
	publisher = {Springer},
	year      = {2005}
}


@article{lubos,
	author    = {Lubos Brim and
	Mojm{\'{\i}}r Kret{\'{\i}}nsk{\'{y}} and
	Jean{-}Marie Jacquet and
	David R. Gilbert},
	title     = {Modelling Multi-Agent Systems as Synchronous Concurrent Constraint
	Processes},
	journal   = {Computers and Artificial Intelligence},
	volume    = {21},
	number    = {6},
	year      = {2002}
}


@inproceedings{catuscia,
	author    = {David R. Gilbert and
	Catuscia Palamidessi},
	title     = {Concurrent Constraint Programming with Process Mobility},
     editor    = {John W. Lloyd and
               Ver{\'{o}}nica Dahl and
               Ulrich Furbach and
               Manfred Kerber and
               Kung{-}Kiu Lau and
               Catuscia Palamidessi and
               Lu{\'{\i}}s Moniz Pereira and
               Yehoshua Sagiv and
               Peter J. Stuckey},
	booktitle = {CL 2000},
	series    = {{LNCS}},
	volume    = {1861},
	pages     = {463--477},
	publisher = {Springer},
	year      = {2000}
}



@article{pi2,
	author    = {Juan Francisco D{\'{\i}}az and
	Camilo Rueda and
	Frank D. Valencia},
	title     = {Pi+- Calculus: {A} Calculus for Concurrent Processes with Constraints},
	journal   = {{CLEI} Electronic Journal},
	volume    = {1},
	number    = {2},
	year      = {1998}
}

@article{pi1,
	author    = {Jean{-}Hugues R{\'{e}}ty},
	title     = {Distributed Concurrent Constraint Programming},
	journal   = {Fundamenta Informaticae},
	volume    = {34},
	number    = {3},
	pages     = {323--346},
	year      = {1998}
}


@inproceedings{parrowlics,
	author    = {Jesper Bengtson and
	Magnus Johansson and
	Joachim Parrow and
	Bj{\"{o}}rn Victor},
	title     = {Psi-calculi: Mobile Processes, Nominal Data, and Logic},
	booktitle = {LICS 2009},
	pages     = {39--48},
	publisher = {{IEEE} Computer Society},
	year      = {2009}
}




@article{spatialvalencia,
	author    = {Michell Guzm{\'{a}}n and
	Stefan Haar and
	Salim Perchy and
	Camilo Rueda and
	Frank D. Valencia},
	title     = {Belief, knowledge, lies and other utterances in an algebra for space
	and extrusion},
	journal   = {Journal of Logic and Algebraic Methods in Programming},
	volume    = {86},
	number    = {1},
	pages     = {107--133},
	year      = {2017}
}


@article{cylalgebraic,
	title={Cylindric and polyadic algebras},
	author={Galler, Bernard A},
	journal={Proceedings of the American Mathematical Society},
	volume={8},
	number={1},
	pages={176--183},
	year={1957}
}



@inproceedings{festcatuscia,
	author    = {Filippo Bonchi and
	Laura Bussi and
	Fabio Gadducci and
	Francesco Santini},
	editor    = {M{\'{a}}rio S. Alvim and
	Kostas Chatzikokolakis and
	Carlos Olarte and
	Frank Valencia},
	title     = {Polyadic Soft Constraints},
	booktitle = {The Art of Modelling Computational Systems},
	series    = {LNCS},
	volume    = {11760},
	pages     = {241--257},
	publisher = {Springer},
	year      = {2019}
}



@inproceedings{last,
	author    = {Moreno Falaschi and
	Maurizio Gabbrielli and
	Carlos Olarte and
	Catuscia Palamidessi},
        editor    = {Manuel V. Hermenegildo and
               Pedro L{\'{o}}pez{-}Garc{\'{\i}}a},
	title     = {Slicing Concurrent Constraint Programs},
	booktitle = {LOPSTR 2016},
	pages     = {76--93},
	series    = {{LNCS}},
	volume    = {10184},
	publisher = {Springer},
	year      = {2016}
}






@inproceedings{boer2,
	author    = {Frank S. de Boer and
	Catuscia Palamidessi},
	title     = {Embedding as a Tool for Language Comparison: On the {CSP} Hierarchy},
	booktitle = {{CONCUR} '91, 2nd International Conference on Concurrency Theory},
	pages     = {127--141},
	year      = {1991},
	series    = {{LNCS}},
	volume    = {527},
	publisher = {Springer}
}





@inproceedings{boer1,
	author    = {Frank S. de Boer and Catuscia Palamidessi},
	title     = {A Fully Abstract Model for Concurrent Constraint Programming},
	booktitle = {TAPSOFT 1991},
        editor    = {Samson Abramsky and T. S. E. Maibaum},
	pages     = {296--319},
	year      = {1991},
	series    = {{LNCS}},
	volume    = {493},
	publisher = {Springer}
}




@article{posneg,
	author    = {Stefano Bistarelli and
	Maria Silvia Pini and
	Francesca Rossi and
	Kristen Brent Venable},
	title     = {From soft constraints to bipolar preferences: modelling framework
	and solving issues},
	journal   = {Experimental and Theoretical Artificial Intelligence},
	volume    = {22},
	number    = {2},
	pages     = {135--158},
	year      = {2010}
}



@article{aijour,
	author    = {Vipin Kumar},
	title     = {Algorithms for Constraint-Satisfaction Problems: {A} Survey},
	journal   = {{AI} Magazine},
	volume    = {13},
	number    = {1},
	pages     = {32--44},
	year      = {1992}
}



@article{cylalg,
	author    = {Tomasz Imielinski and
	Witold Lipski Jr.},
	title     = {The Relational Model of Data and Cylindric Algebras},
	journal   = {J. Comput. Syst. Sci.},
	volume    = {28},
	number    = {1},
	pages     = {80--102},
	year      = {1984}
}

@article{pcsp09,
	author    = {Alexander D. Scott and
	Gregory B. Sorkin},
	title     = {Polynomial constraint satisfaction problems, graph bisection, and
	the {I}sing partition function},
	journal   = {ACM Transactions on Algorithms},
	volume    = {5},
	number    = {4},
	pages     = {45:1--45:27},
	year      = {2009}
}

@inproceedings{scott,
	author    = {Dana S. Scott},
	title     = {Domains for Denotational Semantics},
	booktitle = {Automata, Languages and Programming, 9th Colloquium ({ICALP})},
		isbn      = {3-540-11576-5},
	pages     = {577--613},
	series    = {{LNCS}},
	volume    = {140},
	publisher = {Springer},
	year      = {1982},
}

@inCollection{sagi2013,
	author    = {G\'abor S\'agi},
	title         = {Polyadic algebras},
	booktitle = {Cylindric-like algebras and algebraic logic},
        editor      = {Andr\'eka, Hajnal and Ferenczi, Mikl\'os and N\'emeti, Istv\'an},
        series = {Bolyai Society Mathematical Studies},
        volume = {22},
	pages     = {367--389},
	publisher = {Springer},
	year      = {2013}
}

@article{linear,
	author    = {Jean{-}Yves Girard},
	title     = {Linear Logic},
	journal   = {Theoretical Computer Science},
	volume    = {50},
	pages     = {1--102},
	publisher = {Elsevier},
	year      = {1987}
}


@article{fun11,
	author    = {Stefano Bistarelli and
	Francesco Santini},
	title     = {A Nonmonotonic Soft Concurrent Constraint Language to Model the Negotiation
	Process},
	journal   = {Fundamamenta Informaticae},
	volume    = {111},
	number    = {3},
	pages     = {257--279},
	year      = {2011}
}

 @inproceedings{NMCC1,
 	author = "P. Codognet and F. Rossi",
 	title = "{NMCC} Programming: Constraint Enforcement and Retracting in {CC} Programming",
 	booktitle = "ICLP'95",
 	pages = "417-431",
 	year = "1995"}
 
 
 @inproceedings{NMCC2,
 	author    = {F. S. de Boer and
 	J. N. Kok and
 	C. Palamidessi and
 	J. J. M. M. Rutten},
 	title     = {Non-monotonic Concurrent Constraint Programming},
 	booktitle = {International Symposium on Logic Programming ({ILPS})},
 	year      = {1993},
 	pages     = {315-334},
 	publisher= {{MIT} {P}ress}
 }


@inproceedings{nnmonopal,
	author = {E. Best and F. S. de Boer and C. Palamidessi},
	title = {Partial Order and {SOS} Semantics for Linear Constraint Programs},
	booktitle = {COORDINATION '97},
	year = {1997},
	isbn = {3-540-63383-9},
	pages = {256--273},
	publisher = {Springer-Verlag},
}

@techreport{higherorder,
	author = "V. Saraswat and P. Lincoln",
	title = "{Higher-order Linear Concurrent Constraint Programming}",
	institution= "Xerox Parc",
	year = "1992",
}


@inproceedings{tdefault,
	author = {V. Saraswat and R. Jagadeesan and V. Gupta},
	title = {Default timed concurrent constraint programming},
	booktitle = {POPL '95},
	year = {1995},
	isbn = {0-89791-692-1},
	pages = {272--285},
	location = {San Francisco, California, United States},
	doi = {http://doi.acm.org/10.1145/199448.199513},
	publisher = {ACM Press},
}


@inproceedings{cc-pi,
	author    = {M. G. Buscemi and
	U. Montanari},
	title     = {{CC-Pi}: A Constraint-Based Language for Specifying Service
	Level Agreements},
	booktitle = {ESOP 2007},
	year      = {2007},
	pages     = {18--32},
	publisher = {Springer},
	series    = {LNCS},
	volume    = {4421}
}


@article{LCCP,
	author = {F. Fages and P. Ruet and S. Soliman},
	title = {Linear concurrent constraint programming: operational and phase semantics},
	journal = {Inf. Comput.},
	volume = {165},
	number = {1},
	year = {2001},
	issn = {0890-5401},
	pages = {14--41},
	doi = {http://dx.doi.org/10.1006/inco.2000.3002},
	publisher = {Academic Press, Inc.},
	address = {Duluth, MN, USA},
}



@article{ipl17,
  author    = {Fabio Gadducci and
               Francesco Santini},
  title     = {Residuation for bipolar preferences in soft constraints},
  journal   = {Information Processing Letters},
  volume    = {118},
  pages     = {69--74},
  year      = {2017}
}


@article{jlamp17,
	author    = {Fabio Gadducci and
	Francesco Santini and
	Luis Fernando Pino and
	Frank D. Valencia},
	title     = {Observational and behavioural equivalences for soft concurrent constraint
	programming},
	journal   = {Journal of Logic and Algebraic Methods in Programming},
	volume    = {92},
	pages     = {45--63},
	year      = {2017}
}


@article{jacm97,
	author = {S. Bistarelli and U. Montanari and F. Rossi},
	title = {Semiring-based constraint satisfaction and optimization},
	journal = {Journal of the ACM},
	volume = {44},
	number = {2},
	year = {1997},
	pages = {201--236},
	publisher = {ACM}
}

@article{bipolar,
	author    = {S. Bistarelli and
	M. S. Pini and
	F. Rossi and
	K. B. Venable},
	title     = {Uncertainty in bipolar preference problems},
	journal   = {Experimental and Theoretical Artificial Intelligence},
	volume    = {23},
	number    = {4},
	year      = {2011},
	pages     = {545-575}
}


@article{eswa11,
	author    = {S. Bistarelli and
	F. Gadducci and
	J. Larrosa and
	E. Rollon and
	F. Santini},
	title     = {Local arc consistency for non-invertible semirings, with
	an application to multi-objective optimization},
	journal   = {Expert Systems and Applications},
	volume    = {39},
	number    = {2},
	year      = {2012},
	pages     = {1708-1717},
	ee        = {http://dx.doi.org/10.1016/j.eswa.2011.06.062},
	bibsource = {DBLP, http://dblp.uni-trier.de}
}


@article{nic,
	author    = {H{\'{e}}l{\`{e}}ne Fargier and
	Emma Rollon and
	Nic Wilson},
	title     = {Enabling local computation for partially ordered preferences},
	journal   = {Constraints},
	volume    = {15},
	number    = {4},
	pages     = {516--539},
	year      = {2010}
}


  @inproceedings{nicbandb,
  	author    = {H. Fargier and
  	N. Wilson},
  	title     = {Algebraic Structures for Bipolar Constraint-Based Reasoning},
  	booktitle = {ECSQARU 2007},
  	year      = {2007},
  	pages     = {623-634},
  	editor    = {Khaled Mellouli},
  	publisher = {Springer},
  	series    = {LNCS},
  	volume    = {4724}
  }
  
  

@article{semiringcase,
	author    = {S. Bistarelli and
	M. S. Pini and
	F. Rossi and
	K. B. Venable},
	title     = {From soft constraints to bipolar preferences: modelling
	framework and solving issues},
	journal   = {Experimental and Theoretical Artificial Intelligence},
	volume    = {22},
	number    = {2},
	year      = {2010},
	pages     = {135-158}
}

@inproceedings{larrosa-aaai02,
	author    = {J. Larrosa},
	title     = {Node and Arc Consistency in Weighted {CSP}},
	booktitle = {AAAI/IAAI 2002},
	editor    = {Rina Dechter and
	Richard S. Sutton},
	year      = {2002},
	publisher = {AAAI/The MIT Press},
	pages     = {48-53}
}

@article{de1997proving,
  title={Proving concurrent constraint programs correct},
  author={De Boer, Frank S and Gabbrielli, Maurizio and Marchiori, Elena and Palamidessi, Catuscia},
  journal={ACM Transactions on Programming Languages and Systems},
  volume={19},
  number={5},
  pages={685--725},
  year={1997},
  publisher={ACM}
}

@article{nielsen2002temporal,
  title={Temporal concurrent constraint programming: Denotation, logic and applications},
  author={Nielsen, Mogens and Palamidessi, Catuscia and Valencia, Frank D.},
  journal={Nordic Journal of Computing},
  volume={9},
  number={1},
  pages={145--188},
  year={2002}
}

@inproceedings{palamidessi2001temporal,
  title={A temporal concurrent constraint programming calculus},
  author={Palamidessi, Catuscia and Valencia, Frank D},
  editor    = {Toby Walsh},
  series    = {LNCS},
  volume    = {2239},
  booktitle={CP 2001},
  pages={302--316},
  year={2001},
  organization={Springer}
}


@inproceedings{DBLP:conf/birthday/ChiarugiFOP15,
  author    = {Davide Chiarugi and
               Moreno Falaschi and
               Carlos Olarte and
               Catuscia Palamidessi},
  title     = {A Declarative View of Signaling Pathways},
  booktitle = {Programming Languages with Applications to Biology and Security},
  pages     = {183--201},
  year      = {2015},
  editor    = {Chiara Bodei and
               Gian Luigi Ferrari and
               Corrado Priami},
  series    = {LNCS},
  volume    = {9465},
  publisher = {Springer}
}

@inproceedings{DBLP:conf/concur/KnightPPV12,
  author    = {Sophia Knight and
               Catuscia Palamidessi and
               Prakash Panangaden and
               Frank D. Valencia},
  editor    = {Maciej Koutny and
               Irek Ulidowski},
  title     = {Spatial and Epistemic Modalities in Constraint-Based Process Calculi},
  booktitle = {CONCUR 2012},
  series = {LNCS},
  volume = {7454},
  pages     = {317--332},
  year      = {2012},
}

@inproceedings{DBLP:conf/iclp/LopezPPRV06,
  author    = {Hugo A. L{\'{o}}pez and
               Catuscia Palamidessi and
               Jorge Andr{\'{e}}s P{\'{e}}rez and
               Camilo Rueda and
               Frank D. Valencia},
  editor    = {Sandro Etalle and
               Miroslaw Truszczynski},
  title     = {A Declarative Framework for Security: Secure Concurrent Constraint
               Programming},
  booktitle = {ICLP 2006},
  series = {LNCS},
  volume = {4079},
  pages     = {449--450},
  year      = {2006}
}